%-----------------------------------------------------------------------
% Wikipedia
@online{Pawn,
    author          = "Wikipedia",
    title           = "Pawn"
}
@online{Bishop,
    author          = "Wikipedia",
    title           = "Bishop"
}
@online{King,
    author          = "Wikipedia",
    title           = "King"
}
@online{Knight,
    author          = "Wikipedia",
    title           = "Knight"
}
@online{Queen,
    author          = "Wikipedia",
    title           = "Queen"
}
@online{Rook,
    author          = "Wikipedia",
    title           = "Rook"
}
@online{Pieces,
    author          = "Wikipedia",
    title           = "Pieces"
}
@online{EnPassant,
    author          = "Wikipedia",
    title           = "En Passant"
}
%-----------------------------------------------------------------------
% GitHub
@online{Dependabot,
    author          = "GitHub",
    title           = "Dependabot"
}
@online{MavenPackage,
    author          = "GitHub",
    title           = "Maven Package"
}
@online{MavenCI,
    author          = "GitHub",
    title           = "Java CI with Maven"
}
@online{NodeCI,
    author          = "GitHub",
    title           = "Node.js CI"
}
%-----------------------------------------------------------------------
% Developer Mozilla
@online{Fetch,
    author          = "Mozilla",
    title           = "Using the Fetch API"
}
%-----------------------------------------------------------------------
% Bootstrap
@online{Bootstrap,
    author          = "Bootstrap",
    title           = "Bootstrap Docs"
}
%-----------------------------------------------------------------------
% Lombok
@online{Lombok,
    author          = "Lombok",
    title           = "Lombok Docs"
}
%-----------------------------------------------------------------------
% Spring Boot
@online{Spring,
    author          = "Spring",
    title           = "Spring Boot Docs"
}
%-----------------------------------------------------------------------
% Baeldung
@online{Baeldung,
    author          = "Baeldung",
    title           = "Learn Spring Boot"
}
%-----------------------------------------------------------------------
% Overleaf i LaTeX
@online{LearnLaTeX,
    author          = "Overleaf",
    title           = "Learn LaTeX in 30 minutes"
}
@online{Overleaf,
    author          = "Overleaf",
    title           = "Documentation"
}
%-----------------------------------------------------------------------
% Referent a Java
@online{Crypto,
    author          = "Java",
    title           = "Funcions criptogràfiques"
}
@online{Jackson,
    author          = "Jackson",
    title           = "Processador JSON d'alt rendiment per a Java"
}
@online{Reactor,
    author          = "Reactor",
    title           = "Programació reactiva"
}
@online{Junit,
    author          = "Junit",
    title           = "Proves d'unitat en Java"
}